
@article{PetitSieffermann2007,
title={Testing consumer preferences for iced-coffee: Does the drinking environment have any influence?},
volume={18}, 
url={http://dx.doi.org/10.1016/j.foodqual.2006.05.008}, 
DOI={10.1016/j.foodqual.2006.05.008}, 
number={1}, 
publisher={Food Quality and Preference}, 
author={Petit, C. and Sieffermann, J.M.}, 
year={2007}, month={Jan.}, pages={161-172} 
}

@misc{cato,
  title        = {Kočka - r/IllegallySmolCats},
  author       = {u/EnielMiran},
  howpublished = {\url{https://www.reddit.com/r/IllegallySmolCats/comments/1hqgkcg/little_grey_cutie/?utm_source=share&utm_medium=web3x&utm_name=web3xcss&utm_term=1&utm_content=share_button}}
}

@misc{cato2,
  title        = {Kočka - r/IllegallySmolCats},
  author       = {u/asstyrant},
  howpublished = {\url{https://www.reddit.com/r/IllegallySmolCats/comments/1hqmw2o/the_grrrls/#lightbox}}
}

@misc{cato3,
  title        = {Kočka - r/IllegallySmolCats},
  author       = {u/u/SiberianForestCats},
  howpublished = {\url{https://www.reddit.com/r/IllegallySmolCats/comments/1hq1fjf/wee_babies_at_3_months_old/#lightbox}}
}
